% This file was created with JabRef 2.10.
% Encoding: ISO-8859-1

@Article{adelson1984pyramid,
  Title                    = {Pyramid methods in image processing},
  Author                   = {Adelson, Edward H and Anderson, Charles H and Bergen, James R and Burt, Peter J and Ogden, Joan M},
  Journal                  = {RCA engineer},
  Year                     = {1984},
  Number                   = {6},
  Pages                    = {33--41},
  Volume                   = {29}
}
