@inproceedings{dual_quaternions,
 author = {Kavan, Ladislav and Collins, Steven and \v{Z}\'{a}ra, Ji\v{r}\'{\i} and O'Sullivan, Carol},
 title = {Skinning with Dual Quaternions},
 booktitle = {Proceedings of the 2007 Symposium on Interactive 3D Graphics and Games},
 series = {I3D '07},
 year = {2007},
 isbn = {978-1-59593-628-8},
 location = {Seattle, Washington},
 pages = {39--46},
 numpages = {8},
 url = {http://doi.acm.org/10.1145/1230100.1230107},
 doi = {10.1145/1230100.1230107},
 acmid = {1230107},
 publisher = {ACM},
 address = {New York, NY, USA},
 keywords = {blending, dual quaternions, linear combinations, rigid transformations, skinning},
} 
